<?xml version='1.0' encoding='UTF-8'?>
<record xmlns="http://www.loc.gov/MARC21/slim">
  <leader>00943cam a2200229 a 4500</leader>
  <controlfield tag="001">461919</controlfield>
  <controlfield tag="003">NjP</controlfield>
  <controlfield tag="005">20171013101819.0</controlfield>
  <controlfield tag="008">880817s1984    ir            000|0bara d</controlfield>
  <datafield tag="024" ind1="7" ind2=" ">
    <subfield code="a">princeton_aco002979</subfield>
    <subfield code="2">local</subfield>
  </datafield>
  <datafield ind1=" " ind2=" " tag="035">
    <subfield code="a">(OCoLC)26003849</subfield>
  </datafield>
  <datafield ind1=" " ind2=" " tag="035">
    <subfield code="a">(CStRLIN)NJPG88-B41472</subfield>
  </datafield>
  <datafield ind1=" " ind2=" " tag="035">
    <subfield code="9">ACD7572TS</subfield>
  </datafield>
  <datafield ind1=" " ind2=" " tag="040">
    <subfield code="a">NjP</subfield>
    <subfield code="c">NjP</subfield>
  </datafield>
  <datafield ind1="1" ind2=" " tag="100">
    <subfield code="a">Qazwīnī, Raḍī ibn Nabī,</subfield>
    <subfield code="d">-1723 or 1724.</subfield>
    <subfield code="0">http://id.loc.gov/authorities/names/nr92020706</subfield>
  </datafield>
  <datafield ind1="1" ind2="0" tag="245">
    <subfield code="a">Taẓallum al-Zahrāʼ min ihrāq dimāʼ Āl al-ʻAbāʼ /</subfield>
    <subfield code="c">taʼlīf Raḍī ibn Nabī al-Qazwīnī.</subfield>
  </datafield>
  <datafield ind1=" " ind2=" " tag="250">
    <subfield code="a">al-Ṭabʻah 3.</subfield>
  </datafield>
  <datafield ind1=" " ind2=" " tag="260">
    <subfield code="a">Qum, Īrān :</subfield>
    <subfield code="b">Manshūrāt al-Sharīf al-Raḍī,</subfield>
    <subfield code="c">1405 [1984 or 1985]</subfield>
  </datafield>
  <datafield ind1=" " ind2=" " tag="300">
    <subfield code="a">468 p. ;</subfield>
    <subfield code="c">25 cm.</subfield>
  </datafield>
  <datafield ind1="0" ind2="0" tag="600">
    <subfield code="a">Ḥusayn ibn ʻAlī,</subfield>
    <subfield code="d">-680</subfield>
    <subfield code="x">Death and burial.</subfield>
    <subfield code="0">http://id.loc.gov/authorities/subjects/sh85063203</subfield>
  </datafield>
  <datafield ind1=" " ind2="0" tag="650">
    <subfield code="a">Shīʻah</subfield>
    <subfield code="x">Biography.</subfield>
  </datafield>
  <datafield ind1=" " ind2=" " tag="998">
    <subfield code="a">05/28/92</subfield>
    <subfield code="s">9118</subfield>
    <subfield code="n">NjP</subfield>
    <subfield code="w">NJPG88B41472</subfield>
    <subfield code="d">08/17/88</subfield>
    <subfield code="c">JEB</subfield>
    <subfield code="b">JEB</subfield>
    <subfield code="i">920528</subfield>
    <subfield code="l">NJPG</subfield>
  </datafield>
  <datafield ind1=" " ind2=" " tag="911">
    <subfield code="a">19921028</subfield>
  </datafield>
  <datafield ind1=" " ind2=" " tag="912">
    <subfield code="a">19920528000000.0</subfield>
  </datafield>
  <datafield ind1="0" ind2="0" tag="852">
    <subfield code="0">502386</subfield>
    <subfield code="b">rcppa</subfield>
    <subfield code="t">1</subfield>
    <subfield code="h">BP193.13</subfield>
    <subfield code="i">.Q398 1984</subfield>
    <subfield code="x">tr fr arab</subfield>
  </datafield>
  <datafield ind1=" " ind2=" " tag="959">
    <subfield code="a">2000-06-13 00:00:00 -0500</subfield>
  </datafield>
</record>
